<?xml version="1.0" encoding="UTF-8"?><collection xmlns="http://www.loc.gov/MARC21/slim"><record><leader>00384nam--2200133-i-4500</leader><controlfield tag="001">000046880</controlfield><controlfield tag="002">20161230</controlfield><controlfield tag="005">20161230201046</controlfield><controlfield tag="008">060222s1000------------r-----000-0-eng-d</controlfield><datafield ind1=" " ind2=" " tag="080"><subfield code="a">621.382(075):621.38(075)</subfield></datafield><datafield ind1=" " ind2=" " tag="100"><subfield code="a">Volz,Horst</subfield></datafield><datafield ind1=" " ind2=" " tag="245"><subfield code="a">Elektronik fur naturwissenschaftler. mit 532 abbildungen und 74 tabellen</subfield></datafield><datafield ind1=" " ind2=" " tag="260"><subfield code="a">Berlin, Akad.Verlag, 1974. Xvii + 642 P</subfield></datafield><datafield ind1=" " ind2=" " tag="852"><subfield code="a">42843</subfield></datafield></record></collection>